@periodical{bush:1945:awmt,
    title = {As We May Think}, 
    journal = {The Atlantic Monthly}, 
    organization = {The Atlantic},
    volume = {176}, 
    number = {1}, 
    pages = {101--108}, 
    year = {1945}, 
    url = {http://www.theatlantic.com/magazine/archive/1945/07/as-we-may-think/303881/}, 
    lastaccessed = {August 7, 2023}
}